%% Intro
@BOOK{Completo2019,
  title     = "Introdução ao Projeto Mecânico",
  author    = "António Completo; Francisco Q. de Melo",
  publisher    = "Quântica Editora",
  edition   =  2,
  year      =  2019,
}
@article{Chaus2006,
  doi = {10.4028/www.scientific.net/ssp.113.559},
  year = 2006,
  publisher = {Trans Tech Publications,  Ltd.},
  volume = {113},
  pages = {559--564},
  author = {Alexander S. Chaus and J. Chovanec and M. Legersk{\'{a}}},
  title = {Development of High-Speed Steels for Cast Metal-Cutting Tools},
  journal = {Solid State Phenomena}
}
@BOOK{Krauss2015,
  title     = "Steels",
  author    = "Krauss, George",
  publisher = "A S M International",
  edition   =  2,
  year      =  2015,
  address   = "Materials Park, OH"
}
@article{Mittemeijer1997,
  doi = {10.1179/sur.1997.13.6.483},
  year = 1997,
  publisher = {Informa {UK} Limited},
  volume = {13},
  number = {6},
  pages = {483--497},
  author = {E. J. Mittemeijer and M. A. J. Somers},
  title = {Thermodynamics,  kinetics,  and process control of nitriding},
  journal = {Surface Engineering}
}
@article{Kula2013,
  doi = {10.1016/j.vacuum.2012.08.001},
  year = 2013,
  publisher = {Elsevier {BV}},
  volume = {88},
  pages = {1--7},
  author = {Piotr Kula and Emilia Wolowiec and Robert Pietrasik and Konrad Dybowski and Bart{\l}omiej Januszewicz},
  title = {Non-steady state approach to the vacuum nitriding for tools},
  journal = {Vacuum}
}
@article{Tabor1954,
  doi = {10.1088/0370-1301/67/3/310},
  year = 1954,
  publisher = {{IOP} Publishing},
  volume = {67},
  number = {3},
  pages = {249--257},
  author = {D Tabor},
  title = {Mohs{\textquotesingle}s Hardness Scale—A Physical Interpretation},
  journal = {Proceedings of the Physical Society. Section B}
}
@book{Willert2020,
  doi = {10.1007/978-3-662-60296-6},
  year = 2020,
  publisher = {Springer Berlin Heidelberg},
  author = {Emanuel Willert},
  title = {Sto{\ss}probleme in Physik,  Technik und Medizin}
}
 @misc{ISO_2014,
 title={ISO 6506-1:2014},
 url={https://www.iso.org/standard/59671.html},
 journal={ISO},
 publisher={Organisation Internationale de Normalisation},
 year={2014},
}
@BOOK{Rakhit2000-hn,
  title     = "Heat treatment of gears",
  author    = "Rakhit, A K",
  editor    = "Rakhit, A K",
  publisher = "ASM International",
  year      =  2000
}
 @misc{nhat2011,
 title={Phuong Phap do do cung shore},
 url={http://hotancsv.blogspot.com/2011/10/phuong-phap-o-o-cung-shore.html},
 journal={Phuong Phap do do cung shore},
 author={Nhat, Chu}
 } 
  @misc{team_2021,
  title={Notes on Brinell hardness test},
  url={https://mech.anicalengineering.blog/brinell-hardness-test/},
  journal={Me Mechanical},
  author={Team, ME Mechanical},
  year={2021},
}
@INCOLLECTION{Somers2015,
  title     = "Low temperature surface hardening of stainless steel",
  booktitle     = "Thermochemical Surface Engineering of Steels",
  author    = "Somers, M A J and Christiansen, T L",
  publisher = "Elsevier",
  pages     = "557--579",
  year      =  2015
}
@INCOLLECTION{Coutinho2005,
  title     = "Metais e Ligas Metálicas",
  booktitle     = "Materiais de Construção I",
  author    = "Joana de Sousa Coutinho",
  publisher = "FEUP",
  year      =  2005
}
@BOOK{Oberg1989,
title   =   "Machinery's Handbook 23rd Edition",
author  =   "Oberg E, Jones F and Ryffel H.",
publisher   = "Industrial Press Inc.",
year    =  1985
}
@book{Bryson2009,
   author = {William E. Bryson},
   edition = {2nd},
   publisher = {Carl Hanser Verlag GmbH and Co. KG},
   title = {Heat Treatment, Selection, and Application of Tool Steels},
   year = {2009},
}
@book{Rajan2011,
   author = {T. V.Sharma Rajan},
   edition = {2nd},
   publisher = {PHI Learning Private},
   title = {Heat Treatment: Principles and Techniques},
   year = {2011},
}
@book{Vladimir2000,
   author = {Vladimir B. Ginzburg},
   publisher = {CRC Press},
   title = {Flat Rolling Fundamentals},
   year = {2000},
}
@article{Karsamas2003,
    author = {Karsamas A.I., et al.},
    year = {2003},
    title ={The effect of carbon equivalent on the microstructure and mechanical properties of low-alloy high-strength steels.},
    journal = {Materials Science and Engineering A},
    volume = {352},
    number = {1-2},
    pages = {305-314},
    }
@article{Park2018,
    author = {Park, J.H., et al.},
    year = {2018},
    title = {The effect of carbon equivalent on the weldability of duplex stainless steel.},
    journal = {Journal of Materials Processing Technology},
    volume = {255},
    pages = {479-485},
    }
@article{Seo2008,
    author = {J.S. Seo, et al.},
    year = {2008},
    journal = {Journal of Materials Processing Technology},
    title = {Microstructural parameter controlling weld metal cold cracking.},
    publisher = {Korea Institute of Industrial Technology},
    }
%%%%%%
@article{EDAX2023,
    publisher = {EDAX},
    author = {EDAX},
    journal = {Journal of Materials Processing Technology},
    year = {2023},
    title = {Combining EDS-EBSD Analysis to Characterize the Microstructure of a Nitrided Steel},
    }
%%%%%%
@article{Karaoglu2002,
    author = {Serdar Karaoglu},
    year = {2002},
    journal = {Journal of Materials Processing Technology},
    title = {Structural characterization and wear behavior of plasma-nitrided AISI 5140 low-alloy steel},
    doi = {10.1016/S1044-5803(03)00031-7},
    }
%%%%%%
@article{Arumparithy2022,
    author = {G. L. Arumparithy. et al.},
    year = {2022},
    doi = {10.1155/2022/8138198},
    title = {Parameter Design in Carbonitriding of EN36, 16MnCr5, and AISI 4140 Steels Using Principal Component-Based Grey Incidence (PGI).},
    }
@article{Zong2016,
    author = {R. Zong et al.},
    title = {Undercutting Formation Mechanism
in Gas Metal Arc Welding},
    year = {2016},
    journal = {Welding journal},
    volume = {95},
    pages ={174-184},    
}
@article{Herring2011,
    author = {Daniel H. Herring},
    title = {Carbonitriding of Fasteners},
    journal = {Fastener Technology International},
    year = {2011},
}
@article{Santos2021,
    author = {V. R. Santos, et al.},
    title = {Prediction of hydrogen cracking in the wet welding
of structural steels with ferritic stick electrodes
down to 20 m},
    journal = {Journal of Materials Research and Technology},
    volume = {15},
    pages = {5787-5802},
    doi = {https://doi.org/10.1016/j.jmrt.2021.11.003},
    year = {2021},
}
@article{Krauss2001,
    author = {G. Krauss},
    title = {Martensite before and after Tempering, Deformation and Fracture of},
    journal = {N/a},
    book = {Encyclopedia of Materials: Science and Technology},
    pages = {5193-5197},
    year = {2001},
    }
@article{Olson2007,
    author = {Saha, A. and Olson, G.},
    year = {2007},
    month = {07},
    pages = {177-200},
    title = {Computer-aided design of transformation toughened blast resistant naval hull steels: Part I},
    volume = {14},
    journal = {Journal of Computer-Aided Materials Design},
    doi = {10.1007/s10820-006-9031-z},
}
@article{FollSD,
    author = {H. Föll },
    title = {Iron, Steel and Swords script},
    journal = {Journal of Materials Processing Technology},
    year = {2005},
    publisher = {Kiel University},
    link = {https://www.tf.uni-kiel.de/matwis/amat/iss/kap_6/illustr/s6_1_2.html},
    }
@article{Karli2016,
author = {Jaason, Karli and Peetsalu, Priidu and Kulu, Priit and Saarna, Mart and Beilmann, Juri},
year = {2016},
month = {01},
pages = {152},
title = {Predictive tools for the isothermal hardening of strip steel parts in molten salt},
volume = {65},
journal = {Proceedings of the Estonian Academy of Sciences},
doi = {10.3176/proc.2016.2.04}
}
@article{Martin2020,
  doi = {10.1007/s11663-020-01991-w},
  url = {https://doi.org/10.1007/s11663-020-01991-w},
  year = {2020},
  month = nov,
  publisher = {Springer Science and Business Media {LLC}},
  volume = {52},
  number = {1},
  pages = {223--235},
  author = {Henry Martin and Peter Amoako-Yirenkyi and Aarne Pohjonen and Nana K. Frempong and Jukka Komi and Mahesh Somani},
  title = {Statistical Modeling for Prediction of {CCT} Diagrams of Steels Involving Interaction of Alloying Elements},
  journal = {Metallurgical and Materials Transactions B}
}
@article{Platl2020,
  doi = {10.1002/srin.202000063},
  url = {https://doi.org/10.1002/srin.202000063},
  year = {2020},
  month = jun,
  publisher = {Wiley},
  volume = {91},
  number = {8},
  pages = {2000063},
  author = {Jan Platl and Harald Leitner and Christoph Turk and Ronald Schnitzer},
  title = {Determination of Martensite Start Temperature of High-Speed Steels Based on Thermodynamic Calculations},
  journal = {steel research international}
}
@BOOK{Folkhard1988,
  title     = "Welding metallurgy of stainless steels",
  author    = "Folkhard, Erich",
  publisher = "Springer",
  edition   =  1988,
  month     =  jul,
  year      =  1988,
  address   = "Vienna, Austria",
  language  = "en"
}
@BOOK{Honeycombe1995,
  title     = "Steels: Microstructure and Properties",
  author    = "Honeycombe, Robert and Bhadeshia, Harry",
  publisher = "Butterworth-Heinemann",
  edition   =  2,
  month     =  mar,
  year      =  1995,
  address   = "Oxford, England",
  language  = "en"
}
%%%%%%